@online{kahoot,
  title = {Kahoot! - Играй, учись и создавай викторины},
  url = {https://kahoot.com/},
  urldate = {20.12.2023}, 
  language = {english},
}

@online{quizlet,
  title = {Quizlet - Обучение с помощью карточек и викторин},
  url = {https://quizlet.com/},
  urldate = {20.12.2023}, 
  language = {english},
}


@online{mentimeter,
  title = {Mentimeter - Интерактивные презентации и опросы},
  url = {https://www.mentimeter.com/},
  urldate = {20.12.2023}, 
  language = {english},
}uage = {russian},
}

@online{nodejs,
	title = {Node.js},
	url = {https://nodejs.org/},
	urldate = {19.05.2022}, 
	language = {russian},
}

@online{vuejs,
	title = {The Progressive JavaScript Framework Vue.js},
	url = {https://vuejs.org/},
	urldate = {19.05.2022}, 
	language = {russian},
}

@online{mysql,
	title = {MySQL},
	url = {https://www.mysql.com/},
	urldate = {20.12.2023}, 
	language = {russian},
}

@online{sequelize,
	title = {Sequelize},
	url = {https://sequelize.org/},
	urldate = {20.12.2023}, 
	language = {russian},
}

@online{bootstrap,
	title = {Bootstrap},
	url = {https://getbootstrap.com/},
	urldate = {20.12.2023}, 
	language = {russian},
}

@online{raspmath,
	title = {Расписание ИМИТ ИГУ},
	url = {http://raspmath.isu.ru/},
	urldate = {19.05.2022}, 
	language = {russian},
}

